<marcxml:record xmlns:marcxml="http://www.loc.gov/MARC21/slim" xmlns:idx="info:lc/xq-modules/lcindex" xmlns:madsrdf="http://www.loc.gov/mads/rdf/v1#" xmlns:ri="http://id.loc.gov/ontologies/RecordInfo#" xmlns:xlink="http://www.w3.org/1999/xlink" xmlns:rdf="http://www.w3.org/1999/02/22-rdf-syntax-ns#" xmlns:mets="http://www.loc.gov/METS/" xmlns:semtriples="http://marklogic.com/semantic" xmlns:xsi="http://www.w3.org/2001/XMLSchema-instance" xmlns:streams="info:lc/streams#">
            <marcxml:leader>00769cz  a2200205n  4500</marcxml:leader>
            <marcxml:controlfield tag="001">sh85045661</marcxml:controlfield>
            <marcxml:controlfield tag="003">DLC</marcxml:controlfield>
            <marcxml:controlfield tag="005">19930527110313.5</marcxml:controlfield>
            <marcxml:controlfield tag="008">860211|| anannbab|          |a ana |||  </marcxml:controlfield>
            <marcxml:datafield tag="010" ind1=" " ind2=" ">
              <marcxml:subfield code="a">sh 85045661 </marcxml:subfield>
            </marcxml:datafield>
            <marcxml:datafield tag="040" ind1=" " ind2=" ">
              <marcxml:subfield code="a">DLC</marcxml:subfield>
              <marcxml:subfield code="c">DLC</marcxml:subfield>
              <marcxml:subfield code="d">DLC</marcxml:subfield>
            </marcxml:datafield>
            <marcxml:datafield tag="151" ind1=" " ind2="0">
              <marcxml:subfield code="a">Europe</marcxml:subfield>
              <marcxml:subfield code="x">Description and travel</marcxml:subfield>
            </marcxml:datafield>
            <marcxml:datafield tag="451" ind1=" " ind2="0">
              <marcxml:subfield code="w">nne</marcxml:subfield>
              <marcxml:subfield code="a">Europe</marcxml:subfield>
              <marcxml:subfield code="x">Description and travel</marcxml:subfield>
              <marcxml:subfield code="y">To 1600</marcxml:subfield>
            </marcxml:datafield>
            <marcxml:datafield tag="451" ind1=" " ind2="0">
              <marcxml:subfield code="w">nne</marcxml:subfield>
              <marcxml:subfield code="a">Europe</marcxml:subfield>
              <marcxml:subfield code="x">Description and travel</marcxml:subfield>
              <marcxml:subfield code="y">17th century</marcxml:subfield>
            </marcxml:datafield>
            <marcxml:datafield tag="451" ind1=" " ind2="0">
              <marcxml:subfield code="w">nne</marcxml:subfield>
              <marcxml:subfield code="a">Europe</marcxml:subfield>
              <marcxml:subfield code="x">Description and travel</marcxml:subfield>
              <marcxml:subfield code="y">17th-18th centuries</marcxml:subfield>
            </marcxml:datafield>
            <marcxml:datafield tag="451" ind1=" " ind2="0">
              <marcxml:subfield code="w">nne</marcxml:subfield>
              <marcxml:subfield code="a">Europe</marcxml:subfield>
              <marcxml:subfield code="x">Description and travel</marcxml:subfield>
              <marcxml:subfield code="y">18th century</marcxml:subfield>
            </marcxml:datafield>
            <marcxml:datafield tag="451" ind1=" " ind2="0">
              <marcxml:subfield code="w">nne</marcxml:subfield>
              <marcxml:subfield code="a">Europe</marcxml:subfield>
              <marcxml:subfield code="x">Description and travel</marcxml:subfield>
              <marcxml:subfield code="y">1800-1918</marcxml:subfield>
            </marcxml:datafield>
            <marcxml:datafield tag="451" ind1=" " ind2="0">
              <marcxml:subfield code="w">nne</marcxml:subfield>
              <marcxml:subfield code="a">Europe</marcxml:subfield>
              <marcxml:subfield code="x">Description and travel</marcxml:subfield>
              <marcxml:subfield code="y">1919-1944</marcxml:subfield>
            </marcxml:datafield>
            <marcxml:datafield tag="451" ind1=" " ind2="0">
              <marcxml:subfield code="w">nne</marcxml:subfield>
              <marcxml:subfield code="a">Europe</marcxml:subfield>
              <marcxml:subfield code="x">Description and travel</marcxml:subfield>
              <marcxml:subfield code="y">1945-1970</marcxml:subfield>
            </marcxml:datafield>
            <marcxml:datafield tag="451" ind1=" " ind2="0">
              <marcxml:subfield code="w">nne</marcxml:subfield>
              <marcxml:subfield code="a">Europe</marcxml:subfield>
              <marcxml:subfield code="x">Description and travel</marcxml:subfield>
              <marcxml:subfield code="y">1971-</marcxml:subfield>
            </marcxml:datafield>
          </marcxml:record>
